@article{bongiovannilearning,
  title={A Learning Large Neighborhood Search for The Dynamic Electric Autonomous Dial-A-Ride Problem},
  author={Bongiovanni, Claudia and Kaspi, Mor and Cordeau, Jean-Fran{\c{c}}ois and Geroliminis, Nikolas}
}

@article{ho2018survey,
  title={A survey of dial-a-ride problems: Literature review and recent developments},
  author={Ho, Sin C and Szeto, WY and Kuo, Yong-Hong and Leung, Janny MY and Petering, Matthew and Tou, Terence WH},
  journal={Transportation Research Part B: Methodological},
  volume={111},
  pages={395--421},
  year={2018},
  publisher={Elsevier}
}

@article{cordeau2006branch,
  title={A branch-and-cut algorithm for the dial-a-ride problem},
  author={Cordeau, Jean-Fran{\c{c}}ois},
  journal={Operations Research},
  volume={54},
  number={3},
  pages={573--586},
  year={2006},
  publisher={INFORMS}
}

@inproceedings{vinyals2015pointer,
  title={Pointer networks},
  author={Vinyals, Oriol and Fortunato, Meire and Jaitly, Navdeep},
  booktitle={Advances in neural information processing systems},
  pages={2692--2700},
  year={2015}
}

@article{al2019deeppool,
  title={Deeppool: Distributed model-free algorithm for ride-sharing using deep reinforcement learning},
  author={Al-Abbasi, Abubakr O and Ghosh, Arnob and Aggarwal, Vaneet},
  journal={IEEE Transactions on Intelligent Transportation Systems},
  volume={20},
  number={12},
  pages={4714--4727},
  year={2019},
  publisher={IEEE}
}

@techreport{stocco2019learning,
  title={Learning online combinatorial stochastic policies with deep reinforcement},
  author={Stocco, Teo and Alahi, Alexandre},
  year={2019}
}

@article{jaw1986heuristic,
  title={A heuristic algorithm for the multi-vehicle advance request dial-a-ride problem with time windows},
  author={Jaw, Jang-Jei and Odoni, Amedeo R and Psaraftis, Harilaos N and Wilson, Nigel HM},
  journal={Transportation Research Part B: Methodological},
  volume={20},
  number={3},
  pages={243--257},
  year={1986},
  publisher={Elsevier}
}
